<?xml version="1.0" encoding="UTF-8"?><record xmlns="http://www.loc.gov/MARC21/slim" xmlns:cinclude="http://apache.org/cocoon/include/1.0" xmlns:zs="http://www.loc.gov/zing/srw/">
  <leader>00530cz  a2200145n  4500</leader>
  <controlfield tag="001">no2002014546</controlfield>
  <controlfield tag="003">DLC</controlfield>
  <controlfield tag="005">20021120073637.0</controlfield>
  <controlfield tag="008">020221n| acannaab           |n ana     c</controlfield>
  <datafield tag="010" ind1=" " ind2=" ">
    <subfield code="a">no2002014546</subfield>
    <subfield code="z">n 2002076236</subfield>
  </datafield>
  <datafield tag="035" ind1=" " ind2=" ">
    <subfield code="a">(OCoLC)oca05695703</subfield>
  </datafield>
  <datafield tag="040" ind1=" " ind2=" ">
    <subfield code="a">PPi-MA</subfield>
    <subfield code="b">eng</subfield>
    <subfield code="c">PPi-MA</subfield>
    <subfield code="d">DLC</subfield>
  </datafield>
  <datafield tag="110" ind1="2" ind2=" ">
    <subfield code="a">New Direction (Musical group)</subfield>
  </datafield>
  <datafield tag="670" ind1=" " ind2=" ">
    <subfield code="a">Caesar, S. Hymns [SR] p2001:</subfield>
    <subfield code="b">container (New Direction) insert (choir)</subfield>
  </datafield>
  <datafield tag="670" ind1=" " ind2=" ">
    <subfield code="a">All Music Guide WWW site, Feb. 20, 2002</subfield>
    <subfield code="b">(New Direction; gospel youth choir from Chicago, debuted in early 1999)</subfield>
  </datafield>
</record>